
@article{T:1,
	author = {T. Davis & I. Duff.},
	title = {A combined unifrontal/multifrontal method for unsymmetric sparse matrices},
	journal = {Technical report TR-95-020, Computer and Information Science and Engineering Department, University of Florida, Gainesville, FL},
	year = {1995},
}

@article{T:2,
	author = {T. Davis & I. Duff},
	title = {An unsymmetric-pattern multifrontal method for sparse LU factorization},
	journal = {SIAM Journal on Matrix Analysis and Applications},
	year = {6666},
}

@article{T:3,
	author = {J. Demmel, J. Gilbert, X. Li},
	title = {SuperLU user’s guide},
	journal = {http://www.netlib. org/scalapack/prototype},
	year = {1997},
}

@article{T:4,
	author = {J. Demmel, S. Eisenstat, J. Gilbert, X. Li, J. Liu},
	title = {A supernodal approach to sparse partial pivoting},
	journal = {Technical report UCB-95-??, Computer Science Division, University of California at Berkeley, Berkeley, CA},
	year = {1995},
}

@article{T:5,
	author = {Mark Gockenbach},
	title = {The Hilbert class library},
	journal = {http://www.math.lsa. umich.edu/~gock/HCL.html},
	year = {6666},
}

@article{T:6,
	author = {R. B. Lehoucq, D. C. Sorensen, C. Yang},
	title = {ARPACK user’s guide: solution of large scale eigenvalue problems by implicitly restarted Arnoldi methods},
	journal = {http://www.netlib.org/scalapack},
	year = {1996},
}

@article{T:7,
	author = {K. J. Maschhoff & D. C. Sorensen},
	title = {P_ARPACK: An efficient portable large scale eigenvalue package for distributed memory parallel architectures},
	journal = {Proceedings PARA96 conference, Lingby, Denmark, Applied parallel computing in industrial problems and optimization},
	year = {1996},
	note = {7. J. Wasniewski; J. Dongarra; K. Madsen; D. Olesen eds. Springer Lecture Notes in Computer Science 1184: 478-86. Berlin, Springer-Verlag},
}

@article{T:8,
	author = {M. Nelson},
	title = {C++ programmer’s guide to the Standard Template Library},
	journal = {Foster City, IDG},
	year = {1995},
}

@article{T:9,
	author = {R. Pozo},
	title = {Template numerical toolkit for linear algebra: high performance programming with c++ and the Standard Template Library},
	journal = {http://math.nist.gov/tnt},
	year = {1996},
}

@article{T:10,
	author = {D. C. Sorensen},
	title = {Implicit application of polynomial filters in a k-step Arnoldi method},
	journal = {SIAM Journal on Matrix Analysis and Applications, 13(1):357-85},
	year = {1992},
}

@article{T:11,
	author = {D. C. Sorensen},
	title = {Implicitly-restarted Arnoldi/Lanczos methods for large scale eigenvalue calculations},
	journal = {D. E. Keyes, A. Sameh, V. Venkatakrishnan eds., Parallel numerical algorithms. Dordrecht, Kluwer},
	year = {1995},
}