@article{Davis:1999:Sparse,
	author = {Davis, Timothy A. and Duff, Iain S.},
	title = {A Combined Unifrontal/Multifrontal Method for Unsymmetric Sparse Matrices},
	year = {1999},
	journal = {ACM Trans. Math. Softw.},
	issue_date = {March 1999},
	volume = {25},
	number = {1},
	issn = {0098-3500},
	pages = {1--20},
	numpages = {20},
	url = {http://doi.acm.org/10.1145/305658.287640},
	doi = {10.1145/305658.287640},
	acmid = {287640},
	publisher = {ACM},
	address = {New York, NY, USA}
}

@article{Davis:1997:LU,
	author = {Davis, Timothy A. and Duff, Iain S.},
	title = {An Unsymmetric-Pattern Multifrontal Method for Sparse LU Factorization},
	year = {1997},
	journal = {SIAM J. Matrix Anal. Appl.},
	issue_date = {Jan. 1997},
	volume = {18},
	number = {1},
	issn = {0895-4798},
	pages = {140-158},
	url = {http://dx.doi.org/10.1137/S0895479894246905},
	doi = {10.1137/S0895479894246905},
	acmid = {258225},
	publisher = {Society for Industrial and Applied Mathematics},
	address = {Philadelphia, PA, USA}
}

@article{Li:1999:SuperLU,
	author = {Li, Xiaoye S. and Demmel, James W. and Gilbert, John R. and Grigori, Laura and Shao, Meiyue and Yamazaki, Ichitaro},
	title = {SuperLU Usersâ€™ Guide},
	year = {1999},
	journal = {Tech. Rep. LBNL-44289},
	url = {http://crd.lbl.gov/~xiaoye/SuperLU/},
	address = {Lawrence Berkeley National Laboratory},
	note = {Last update: August 2011}
}

@article{Demmel:1999:Sparse,
	author = {Demmel, James W. and Eisenstat, Stanley C. and Gilbert, John R. and Li, Xiaoye S. and Liu, Joseph W. H.},
	title = {A Supernodal Approach to Sparse Partial Pivoting},
	year = {1999},
	journal = {SIAM J. Matrix Anal. Appl.},
	volume = {20},
	number = {3},
	issn = {0895-4798},
	pages = {720-755},
	numpages = {36},
	url = {http://dx.doi.org/10.1137/S0895479895291765},
	doi = {10.1137/S0895479895291765},
	acmid = {316526},
	publisher = {Society for Industrial and Applied Mathematics},
	address = {Philadelphia, PA, USA}
}

@misc{Lehoucq:1997:ARPACK,
	author = {Lehoucq, R. B. and Sorensen, Danny C. and Yan, C.},
	title = {ARPACK Users Guide: Solution of Large Scale Eigenvalue Problems by Implicitly Restarted Arnoldi Methods.},
	year = {1997},
	url = {http://www.caam.rice.edu/software/ARPACK/}
}

@misc{Sorensen:1996:PARPACK,
	author={Maschhoff, K. J. and Sorensen, Danny C.},
	title={P-ARPACK: An efficient portable large scale eigenvalue package for distributed memory parallel architectures},
	year={1996},
	isbn={978-3-540-62095-2},
	booktitle={Applied Parallel Computing Industrial Computation and Optimization},
	volume={1184},
	series={Lecture Notes in Computer Science},
	publisher={Springer Berlin Heidelberg},
	pages={478-486}
}

@book{Nelson:1995:STL,
	author = {Nelson, Mark},
	title = {C++ Program Guide to Standard Template Library},
	year = {1995},
	isbn = {1568843143},
	publisher = {IDG Books Worldwide, Inc.},
	address = {Foster City, CA, USA}
}

@article{Pozo:1997:TNT,
	author = {Pozo, Roldan},
	title = {Template Numerical Toolkit for Linear Algebra: High Performance Programming With C++ and the Standard Template Library},
	year = {1997},
	journal = {Int. J. High Perform. Comput. Appl.},
	issue_date = {September 1997},
	volume = {11},
	number = {3},
	issn = {1094-3420},
	pages = {251--263},
	numpages = {13},
	url = {http://dx.doi.org/10.1177/109434209701100307},
	doi = {10.1177/109434209701100307},
	acmid = {2747995},
	publisher = {Sage Publications, Inc.},
	address = {Thousand Oaks, CA, USA}
}

@article{Sorensen:1992:IAP,
	author = {Sorensen, Danny C.},
	title = {Implicit Application of Polynomial Filters in a K-step Arnoldi Method},
	year = {1992},
	journal = {SIAM J. Matrix Anal. Appl.},
	issue_date = {Jan. 1992},
	volume = {13},
	number = {1},
	issn = {0895-4798},
	pages = {357--385},
	numpages = {29},
	url = {http://dx.doi.org/10.1137/0613025},
	doi = {10.1137/0613025},
	acmid = {131903},
	publisher = {Society for Industrial and Applied Mathematics},
	address = {Philadelphia, PA, USA},
}

@techreport{Sorensen:1996:IRA,
	author = {Sorensen, Danny C.},
	title = {Implicitly restarted Arnoldi/Lanczos Methods for Large Scale Eigenvalue Calculations},
	year = {1996},
	institution = {Institute for Computer Applications in Science and Engineering (ICASE)},
}

@misc{Sorensen:1996:IRA__,
	author={Sorensen, Danny C.},
	title={Implicitly Restarted Arnoldi/Lanczos Methods for Large Scale Eigenvalue Calculations},
	year={1997},
	isbn={978-94-010-6277-0},
	booktitle={Parallel Numerical Algorithms},
	volume={4},
	series={ICASE/LaRC Interdisciplinary Series in Science and Engineering},
	doi={10.1007/978-94-011-5412-3_5},
	url={http://dx.doi.org/10.1007/978-94-011-5412-3_5},
	pages={119-165}
}